@ARTICLE{1,
year={2006},
journal={Research Report SWUTC},
author={Michael Shenoda, Randy Machemehl},
title={Development of a Phase-by-Phase, Arrival-Based, Delay-Optimized Adaptive Traffic Signal Control Methodology with Metaheuristic Search}
}
@ARTICLE{2,
year={2007},
journal={Computer-Aided Civil and Infrastructure Engineering},
author={Fitsum Teklu, Agachai Sumalee, David Watling},
title={A Genetic Algorithm Approach for Optimizing Traffic Control Signals Considering Routing}
}
@ARTICLE{3,
year={2007},
journal={},
author={US Dep. Of Transportation, Intelligent Transportation Systems},
title={Traffic Signal Control - Deployment Benefits and lessons learned}
}
@ARTICLE{4,
year={2000},
journal={Technical Report Number 110 at National Institute of Statistical Sciences},
author={Byungkyu “Brian” Park, Nagui M. Rouphail, Jerome Sacks},
title={Assessment of a Stochastic Signal Optimization Method Using Microsimulation}
}
@ARTICLE{5,
year={2004},
journal={IEEE TRANSACTIONS ON INTELLIGENT TRANSPORTATION SYSTEMS},
author={Wei-Hua Lin, Chenghong Wang},
title={An Enhanced 0–1 Mixed-Integer LP Formulation for Traffic Signal Control}
}
@ARTICLE{6,
year={2004},
journal={Intelligent Transportation Systems},
author={Nathan H. Gartner, Chronis Stamatiadis},
title={Progression Optimization Featuring
Arterial- and Route-Based Priority
Signal Networks}
}
@ARTICLE{7,
year={2002},
journal={The IEEE 5th International Conference of ITS},
author={Sei Takahashi, Hideo Nakamura, Hiroshi Kazama, Tomokazu Fujikura},
title={Genetic Algorithm Approach for Adaptive Offset Optimization for the Fluctuation of Traffic Flow}
}
@ARTICLE{8,
year={1996},
journal={Proceedings  of  the 1996  IEEE  International 
Conference on Control Applications},
author={I. Porche, M. Sampath, R. Sengupta,  Y.-L. Chen,  S.  Lafortune},
title={A Decentralized Scheme for Real-Time Optimization of Traffic Signals}
}
@ARTICLE{9,
year={1991},
journal={Transportation Research part B},
author={Gartner, N.H.;  Assmann, S.F.;  Lasaga, F.;  Hou, D.L.},
title={A multi-band approach to arterial traffic signal optimization}
}
@ARTICLE{10,
year={1986},
journal={Proceedings  of  the  1986  Winter  Simulation  Conjerence},
author={Saka, A.A.;  Anandalingam, G.;  Garber, N.J.},
title={Traffic signal timing at isolated intersections using simulation optimization}
}
@ARTICLE{11,
year={2006},
journal={IEEJ Trans. EIS},
author={Tatsuya Kato, YoungWoo Kim, Shigeru Okuma and Tatsuo Narikiyo},
title={Large-Scale Traffic Network Control Based on Convex Programming Coupled with B&B Strategy}
}
@ARTICLE{12,
year={2005},
journal={IEEE TRANSACTIONS ON INTELLIGENT TRANSPORTATION SYSTEMS},
author={Tsin Hing Heung;  Tin Kin Ho;  Yu Fai Fung},
title={Coordinated road-junction traffic control by dynamic programming}
}
@ARTICLE{13,
year={2004},
journal={IEEE},
author={Sanchez, J.J.;  Galan, M.;  Rubio, E.},
title={Genetic algorithms and cellular automata: a new architecture for traffic light cycles optimization}
}
@ARTICLE{14,
year={2004},
journal={IEEE Intelligent Vehicles Symposium},
author={Wiering, M.;  Vreeken, J.;  van Veenen, J.;  Koopman, A.},
title={Simulation and optimization of traffic in a city}
}
@ARTICLE{15,
year={2001},
journal={IEEE International Fuzzy Systems Conference},
author={GiYoung Lim;  JeongJin Kang;  YouSik Hong},
title={The optimization of traffic signal light using artificial intelligence}
}
@ARTICLE{16,
year={2006},
journal={Control Engineering Practice},
author={Dotoli, M.;  Fanti, M.P.;  Meloni, C.},
title={A signal timing plan formulation for urban traffic control}
}
@ARTICLE{17,
year={2004},
journal={Dansk Vejtidsskrift},
author={Peter Bäcker Hansen, Lars Bo Frederiksen, Peter Christensen},
title={Signalregulering på Centrumforbindelsen med UTOPIA/SPOT}
}
@ARTICLE{18,
year={2001},
journal={Dansk Vejtidsskrift},
author={Nicoline Varberg, Dorrit Jakobsen},
title={MOTION}
}
@ARTICLE{19,
year={2001},
journal={Dansk Vejtidsskrift},
author={Niels Chr. Johannesen},
title={Adaptive styresystemer sikrer optimalt investering}
}
@ARTICLE{20,
year={2007},
journal={European Journal of Operational Research},
author={Ying, J.Q.;  Lu, H.;  Shi, J.},
title={An algorithm for local continuous optimization of traffic signals}
}
@ARTICLE{21,
year={2007},
journal={Journal of Transportation Engineering},
author={Yin, Yafeng;  Li, Meng;  Skabardonis, Alexander},
title={Offline offset refiner for coordinated actuated signal control systems}
}
@ARTICLE{22,
year={2007},
journal={Information Sciences},
author={Chiou, S.W.},
title={Comparative tests of solution methods for signal-controlled road networks}
}
@ARTICLE{23,
year={2007},
journal={Networking, Sensing and Control, 2007 IEEE International Conference},
author={Heydecker, BG;  Cai, Chen;  Wong, CK},
title={Adaptive Dynamic Control for Road Traffic Signals}
}
@ARTICLE{24,
year={1996},
journal={Transportation Research Part B},
author={Heydecker, B.G.},
title={A decomposition approach for signal optimisation in road networks}
}
@ARTICLE{25,
year={2006},
journal={Transportation Research},
author={Jiang, Y.;  Li, S.;  Shamo, D.E.},
title={A platoon-based traffic signal timing algorithm for major-minor intersection types}
}
@ARTICLE{26,
year={2006},
journal={Journal of Transportation Engineering},
author={Ceylan, Halim},
title={Developing combined genetic algorithm - Hill-climbing optimization method for area traffic control}
}
@ARTICLE{27,
year={2004},
journal={Transportation Research Part B},
author={Ceylan, Halim;  Bell, Michael G.H.},
title={Genetic algorithm solution for the stochastic equilibrium transportation networks under congestion}
}
@ARTICLE{28,
year={1975},
journal={Research Report under DOT AND ARO},
author={Gartner, Nathan H.; Little, John D. C.; Gabbay, Henry},
title={Optimization of Traffic Signal Settings by Mixed-Integer Linear Programming Part I: The Network Coordination Problem.}
}
@ARTICLE{29,
year={2000},
journal={JOURNAL OF TRANSPORTATION ENGINEERING},
author={Byungkyu "Brian" Park, Nagui M. Rouphail, and Joseph E. Hummer},
title={Probabilistic Approach to Implementing Traffic Signal Warrants}
}
@ARTICLE{30,
year={1975},
journal={Research Report under DOT AND ARO},
author={Gartner, Nathan H.; Little, John D. C.; Gabbay, Henry},
title={Optimization of Traffic Signal Settings by Mixed-Integer Linear Programming Part II: The Network Synchronization Problem.}
}
@ARTICLE{31,
year={2004},
journal={Delft University  of Technology and AVV Transport Research Centre},
author={Taale, H.;  van Zuylen, H.J.},
title={Integrated anticipatory control}
}
@ARTICLE{32,
year={1977},
journal={},
author={Daganzo, Carlos F., Sheffi, Yosef},
title={On Stochastic Models of Traffic Assignment}
}
@ARTICLE{33,
year={2004},
journal={Transportation Research Part B},
author={Ceylan, H.;  Bell, M.G.H.},
title={Traffic signal timing optimisation based on genetic algorithm approach, including drivers' routing}
}
@ARTICLE{34,
year={1999},
journal={Ph.D Thesis at University College, London},
author={Chiou, S.W.},
title={Optimization of Area Traffic Control for Equilibrium Network Flows.}
}
@ARTICLE{35,
year={2003},
journal={A Research Project Report 
For the Center for ITS Implementation Research (ITS)  
A U.S. DOT University Transportation Center},
author={Anil Kamarajugadda, Dr. Byungkyu "Brian" Park},
title={Stochastic Traffic Signal Timing Optimization}
}
@ARTICLE{36,
year={1995},
journal={IEEE},
author={Ramanathan, B.;  McNally, M.G.;  Jayakrishnan, R.},
title={Formulation of modern signal control operations as a non-linear mixed integer program}
}
@ARTICLE{37,
year={2002},
journal={Mathematical  and  Computer  Modelling},
author={Gartner, N.H.;  Stamatiadis, C.},
title={Arterial-based control of traffic flow in urban grid networks}
}
@ARTICLE{38,
year={2007},
journal={IEEE TRANSACTIONS ON INTELLIGENT TRANSPORTATION SYSTEMS},
author={Mirchandani, P. B.;  Zou, N.},
title={Queuing Models for Analysis of Traffic Adaptive Signal Control}
}
@ARTICLE{39,
year={2006},
journal={Springer},
author={Lee, Dong-liang;  Deng, Lawrence Y.},
title={Self Awareness and Adaptive Traffic Signal Control System for Smart World}
}
@ARTICLE{40,
year={2004},
journal={Transportation Science},
author={Michael Patriksson},
title={Sensitivity analysis of traffic equilibria}
}
@ARTICLE{41,
year={2003},
journal={Intelligent Vehicles Symposium, 2003. Proceedings. IEEE},
author={Sun, D.;  Benekohal, R.F.;  Waller, S.T.},
title={Multiobjective traffic signal timing optimization using non-dominated sorting genetic algorithm}
}
@ARTICLE{42,
year={2006},
journal={9th International Conference on Control, Automation, Robotics and Vision, 2006, ICARCV '06},
author={Chen, Juan;  Xu, Lihong},
title={Road-junction traffic signal timing optimization by an adaptive particle swarm algorithm}
}
@ARTICLE{43,
year={1992},
journal={Intelligent Vehicles '92 Symposium., Proceedings of the},
author={Leonard, J.D., II;  Ramanathan, B.;  Recker, W.W.},
title={A real-time information processing algorithm for the evaluation and implementation of ATMS strategies}
}
@ARTICLE{44,
year={2001},
journal={Transportation Research Part C: Emerging Technologies},
author={Mirchandani, P.;  Head, L.},
title={A real-time traffic signal control system: architecture, algorithms, and analysis}
}
@ARTICLE{45,
year={1999},
journal={Journal of Intelligent Transportation Systems},
author={Isaac Porche; Stéphane Lafortune},
title={Adaptive Look-ahead Optimization of Traffic Signals}
}
@ARTICLE{Wardrop,
year={1952},
journal={Proceedings Institute of Civil
Engineering},
author={Wardrop, J.G.},
title={Some theoretical aspects of road traffic research}
}
@ARTICLE{Webster,
year={1958},
journal={Great Britain Department of Scientific and Industrial Research},
author={Webster, F. V.},
title={Traffic Signal Setting}
}
