@article{dogs,
    author = {Steen Merlach Lauritzen},
    journal = {Danish Road Directorate},
    year = {2004},
    title = {Evaluation of DOGS},
    note = {[in Danish]}
}

@TechReport{forprojekt,
  author = 	 {Andreas Warberg},
  title = 	 {Green Wave Traffic Optimization},
  institution =  {Technical University of Denmark},
  year = 	 {2007},
}