@INBOOK{do2006kap3,
title = {Danish Economy -- Spring 2006},
year = {2006},
chapter = {Traffic, Congestion and Infrastructure},
publisher = {Danish Economic Council},
author={Peter Birch S{\o}rensen and Jan Rose Skaksen and Michael Rosholm},
note = {[in Danish]}
}

@INBOOK{traffictheory,
year = {2001},
title = {Traffic Flow Theory -- A State of the Art Report},
publisher = {Turner-Fairbank Highway Research Center},
author = {Nagui Rouphail and Andrzej Tarko and Jing Li},
chapter = {Traffic Flow at Signalized Intersections},
}

@ARTICLE{treiber-2000-62,
  author = {Martin Treiber and Ansgar Hennecke and Dirk Helbing},
  title = {Congested Traffic States in Empirical Observations and Microscopic Simulations},
  journal = {Physical Review E},
  volume = {62},
  number = {2},
  pages = {1805 -- 1824},
  year = {2000}
}

@article{scoot2004,
    author = {D. Bretherton and M. Bodger and N. Baber},
    journal = {Road Transport Information and Control, 2004. RTIC 2004. 12th IEE International Conference on},
    pages = {301 -- 306},
    year = {2004},
    publisher = {IEE},
    title = {SCOOT - the future [urban traffic control]}
}

@article{shortpredict,
    author = {Mohammad M. Hamed and Hashem R. Al-Masaeid and Zahi M. {Bani Said}},
    journal = {Journal of Transportation Engineering},
    volume = {121},
    number = {3},
    pages = {249 -- 254},
    year = {1995},
    publisher = {ASCE},
    title = {Short-term prediction of traffic volume in urban arterials}
}

@article{mc,
    author = {R.E. Allsop and J.A. Charlesworth},
    journal = {Traffic Eng Control},
    volume = {18},
    number = {5},
    pages = {262 -- 265},
    year = {1977},
    title = {Traffic in a Signal-controlled Road Network: An example of different signal timings inducing different routeings}
}

@article{dogs,
    author = {Steen Merlach Lauritzen},
    journal = {Danish Road Directorate},
    year = {2004},
    title = {Evaluation of DOGS},
    note = {[in Danish]}
}

@MastersThesis{simcompare,
  author = 	 {Rune Andreas Harsl{\o}f Holst},
  title = 	 {Macro-,Meso- and Micro simulation - A comparision of three DTA softwares},
  school = 	 {Centre for Traffic and Transport, Technical University of Denmark},
  year = 	 {2007},
}

@article{petri,
    author = {Mariagrazia Dotoli and Maria Pia Fanti},
    editor = {J. Zaytoon and C.G. Cassandras},
    journal = {Control Engineering Practice},
    volume = {14},
    number = {10},
    pages = {1213 -- 1229},
    year = {2006},
    title = {An urban traffic network model via coloured timed Petri nets}
}